@misc{ff2,
         author =  {Jesus Manuel Dorador-Gonzalez},
         title = {Mecanismos de transmisión y actuadores utilizados en prótesis de mano},
         year = 2009,
         month = {Septiembre}

    }
    @misc{ff3,
         author =  {Stanrford Medicine},
         title = {Anatomía de la mano},
         year = 2022,
         month = {}
    }
    
    @misc{ff4,
         author =  {Mediprax},
         title = {¿Cómo funciona una prótesis mioeléctrica?},
         year = 2018,
         month = {}
    }
    
     @misc{ff5,
         author =  {Loaiza Bernal J.},
         title = {Diseño y simulación de un prototipo de prótesis de una mano bioinspirada con cinco grados de libertad. },
         year = 2012,
         month = {}
    }

    
