@misc{ff2,
         author =  {Guterman, T},
         title = {Biomecánica es una disciplina,a partir de conocimientos científicos.},
         year = 2012,
         month = {Julio}

    }
    @misc{ff3,
         author =  {Andrés Rosa Guillamón},
         title = {Biomecánica del movimiento humano.},
         year = 2014,
         month = {}

    }
        @misc{ff4,
         author =  {Fisioactiva},
         title = {Biomecánica},
         year = 2022,
         month = {}

    }
            @misc{ff5,
         author =  {Miguel Aguilar Gutiérrez},
         title = {Biomecánica: La Física y la Fisiología},
         year = 2000,
         month = {}

    }
            @misc{ff6,
         author =  {Mariluce Ferreira Romão},
         title = {Principios básicos de la biomecánica},
         year = 2020,
         month = {}

    }