@misc{ff2,
         author =  {J.C. Vargas, Carlos Andrés Cruz.Carpio},
         title = {Estudio del método Monte Carlo en simulaciones para la estimulación del valor π},
         year = 2020,
         month = {Noviembre}

    }
    @misc{ff3,
         author =  {José Ignacio Illana},
         title = {Métodos Monte Carlo},
         year = 2013,
         month = {Enero}
    }