@book{voegeli2001Lecciones,
         author =  {Viladot Voegeli},
         title = {Lecciones básicas de biomecánica del apartado locomotor},
         chapter = {11},
         year = 2000,
         publisher = {Springer Science & Business Media}

    }